<?xml version="1.0" encoding="UTF-8"?><collection xmlns="http://www.loc.gov/MARC21/slim"><record><leader>00370nam--2200133-i-4500</leader><controlfield tag="001">000033028</controlfield><controlfield tag="002">20161230</controlfield><controlfield tag="005">20161230201039</controlfield><controlfield tag="008">060222s1000------------r-----000-0-eng-d</controlfield><datafield ind1=" " ind2=" " tag="080"><subfield code="a">001.891</subfield></datafield><datafield ind1=" " ind2=" " tag="100"><subfield code="a">Marino, Simeon</subfield></datafield><datafield ind1=" " ind2=" " tag="245"><subfield code="a">Eficienta economica a activitatii de cercetare stiintifica si inginerie tehnologica</subfield></datafield><datafield ind1=" " ind2=" " tag="260"><subfield code="a">Bucuresti, Inid, 1980, 132p</subfield></datafield><datafield ind1=" " ind2=" " tag="852"><subfield code="a">48240</subfield></datafield></record></collection>